<?xml version="1.0" encoding="UTF-8"?><collection xmlns="http://www.loc.gov/MARC21/slim"><record><leader>00455nam--2200133-i-4500</leader><controlfield tag="001">000049304</controlfield><controlfield tag="002">20161230</controlfield><controlfield tag="005">20161230201047</controlfield><controlfield tag="008">060222s1000------------r-----000-0-eng-d</controlfield><datafield ind1=" " ind2=" " tag="080"><subfield code="a">535.377:015:621.375.826</subfield></datafield><datafield ind1=" " ind2=" " tag="100"><subfield code="a">Pasteur, Jacques</subfield></datafield><datafield ind1=" " ind2=" " tag="245"><subfield code="a">Aspects experimentaux de la distorsion optiques liee aux phenomenes thermiques dans un laser a solide. these</subfield></datafield><datafield ind1=" " ind2=" " tag="260"><subfield code="a">Besancon, Faculte Des Sciences De L`Univ.De Besancon, 1970, 119p.+fig</subfield></datafield><datafield ind1=" " ind2=" " tag="852"><subfield code="a">37999</subfield></datafield></record></collection>